<?xml version="1.0" encoding="UTF-8"?><collection xmlns="http://www.loc.gov/MARC21/slim"><record><leader>00519nam--2200169-i-4500</leader><controlfield tag="001">000022747</controlfield><controlfield tag="002">20161230</controlfield><controlfield tag="005">20161230201034</controlfield><controlfield tag="008">060222s1000------------r-----000-0-eng-d</controlfield><datafield ind1=" " ind2=" " tag="040"><subfield code="a">IFIN-HH</subfield></datafield><datafield ind1=" " ind2=" " tag="080"><subfield code="a">539.14.162.8(043)</subfield></datafield><datafield ind1="1" ind2=" " tag="100"><subfield code="a">Waters, James Wayne</subfield></datafield><datafield ind1="1" ind2="0" tag="245"><subfield code="a">Strange particle production in 25 gev/c pi-minus - p interactions</subfield><subfield code="b">Dissertation</subfield><subfield code="c">James wayne waters</subfield></datafield><datafield ind1=" " ind2=" " tag="260"><subfield code="a">Ann Arbor, Michigan</subfield><subfield code="b">University Microfilms, Inc</subfield><subfield code="c">1969</subfield></datafield><datafield ind1=" " ind2=" " tag="300"><subfield code="a">250P</subfield></datafield><datafield ind1=" " ind2=" " tag="852"><subfield code="a">42456</subfield><subfield code="c">539.131</subfield></datafield><datafield ind1=" " ind2=" " tag="CAT"><subfield code="a">Sys</subfield><subfield code="c">20120305</subfield><subfield code="h">115613</subfield></datafield></record></collection>